
% BibTeX Entries

@book{holmes2012hadoop,
  title={Hadoop in practice},
  author={Holmes, Alex},
  year={2012},
  publisher={Manning Publications Co.}
}

@misc{android,
  title = {Google Developer},
  howpublished = {\url{http://developer.android.com/}},
  publisher="Google",
  year=2014,
  note = {Accessed: 2015-3-17}
} 
